<?xml version="1.0" encoding="UTF-8"?><collection xmlns="http://www.loc.gov/MARC21/slim"><record><leader>00461nam--2200133-i-4500</leader><controlfield tag="001">000029642</controlfield><controlfield tag="002">20161230</controlfield><controlfield tag="005">20161230201037</controlfield><controlfield tag="008">060222s1000------------r-----000-0-eng-d</controlfield><datafield ind1=" " ind2=" " tag="100"><subfield code="a">Lagnaux,  J.P</subfield></datafield><datafield ind1=" " ind2=" " tag="245"><subfield code="a">Sur la desintegration stimulle des hyperfragments lourds.simulation des cascades de nucleons resultant de l`interaction</subfield></datafield><datafield ind1=" " ind2=" " tag="260"><subfield code="a">Bruxelles, Presses Academiques Europ. 1964. 26p. + 7 Fig</subfield></datafield><datafield ind1=" " ind2=" " tag="490"><subfield code="a">Universite De Bruxelles. Bulletin.</subfield></datafield><datafield ind1=" " ind2=" " tag="852"><subfield code="a">19411</subfield></datafield></record></collection>